@article{Metodiev:2017vrx,
    author = "Metodiev, Eric M. and Nachman, Benjamin and Thaler, Jesse",
    title = "{Classification without labels: Learning from mixed samples in high energy physics}",
    eprint = "1708.02949",
    archivePrefix = "arXiv",
    primaryClass = "hep-ph",
    reportNumber = "MIT--CTP-4922",
    doi = "10.1007/JHEP10(2017)174",
    journal = "JHEP",
    volume = "10",
    pages = "174",
    year = "2017"
}

@article{Batson:2021agz,
    author = "Batson, Joshua and Haaf, C. Grace and Kahn, Yonatan and Roberts, Daniel A.",
    title = "{Topological Obstructions to Autoencoding}",
    eprint = "2102.08380",
    archivePrefix = "arXiv",
    primaryClass = "hep-ph",
    reportNumber = "MIT-CTP/5264",
    doi = "10.1007/JHEP04(2021)280",
    journal = "JHEP",
    volume = "04",
    pages = "280",
    year = "2021"
}

@article{Dillon:2023zac,
    author = "Dillon, Barry M. and Favaro, Luigi and Feiden, Friedrich and Modak, Tanmoy and Plehn, Tilman",
    title = "{Anomalies, representations, and self-supervision}",
    eprint = "2301.04660",
    archivePrefix = "arXiv",
    primaryClass = "hep-ph",
    doi = "10.21468/SciPostPhysCore.7.3.056",
    journal = "SciPost Phys. Core",
    volume = "7",
    pages = "056",
    year = "2024"
}


@article{ATLAS:2020iwa,
    author = "Aad, Georges and others",
    collaboration = "ATLAS",
    title = "{Dijet resonance search with weak supervision using $\sqrt{s}=13$ TeV $pp$ collisions in the ATLAS detector}",
    eprint = "2005.02983",
    archivePrefix = "arXiv",
    primaryClass = "hep-ex",
    reportNumber = "CERN-EP-2020-062",
    doi = "10.1103/PhysRevLett.125.131801",
    journal = "Phys. Rev. Lett.",
    volume = "125",
    number = "13",
    pages = "131801",
    year = "2020"
}

@article{Collins:2018epr,
    author = "Collins, Jack H. and Howe, Kiel and Nachman, Benjamin",
    title = "{Anomaly Detection for Resonant New Physics with Machine Learning}",
    eprint = "1805.02664",
    archivePrefix = "arXiv",
    primaryClass = "hep-ph",
    reportNumber = "FERMILAB-PUB-18-180-T",
    doi = "10.1103/PhysRevLett.121.241803",
    journal = "Phys. Rev. Lett.",
    volume = "121",
    number = "24",
    pages = "241803",
    year = "2018"
}

@article{Albouy:2022cin,
    author = "Albouy, Guillaume and others",
    title = "{Theory, phenomenology, and experimental avenues for dark showers: a Snowmass 2021 report}",
    eprint = "2203.09503",
    archivePrefix = "arXiv",
    primaryClass = "hep-ph",
    reportNumber = "FERMILAB-PUB-22-303-PPD-SCD-T",
    doi = "10.1140/epjc/s10052-022-11048-8",
    journal = "Eur. Phys. J. C",
    volume = "82",
    number = "12",
    pages = "1132",
    year = "2022"
}

@article{Chang:2020rtc,
    author = "Chang, Spencer and Chen, Ting-Kuo and Chiang, Cheng-Wei",
    title = "{Distinguishing $W'$ signals at hadron colliders using neural networks}",
    eprint = "2007.14586",
    archivePrefix = "arXiv",
    primaryClass = "hep-ph",
    doi = "10.1103/PhysRevD.103.036016",
    journal = "Phys. Rev. D",
    volume = "103",
    number = "3",
    pages = "036016",
    year = "2021"
}

@article{Bernreuther:2020vhm,
    author = {Bernreuther, Elias and Finke, Thorben and Kahlhoefer, Felix and Kr\"amer, Michael and M\"uck, Alexander},
    title = "{Casting a graph net to catch dark showers}",
    eprint = "2006.08639",
    archivePrefix = "arXiv",
    primaryClass = "hep-ph",
    reportNumber = "TTK-20-17, P3H-20-025",
    doi = "10.21468/SciPostPhys.10.2.046",
    journal = "SciPost Phys.",
    volume = "10",
    number = "2",
    pages = "046",
    year = "2021"
}

@article{Hallin:2021wme,
    author = "Hallin, Anna and Isaacson, Joshua and Kasieczka, Gregor and Krause, Claudius and Nachman, Benjamin and Quadfasel, Tobias and Schlaffer, Matthias and Shih, David and Sommerhalder, Manuel",
    title = "{Classifying anomalies through outer density estimation}",
    eprint = "2109.00546",
    archivePrefix = "arXiv",
    primaryClass = "hep-ph",
    reportNumber = "EFI-20-5, FERMILAB-PUB-21-389-T",
    doi = "10.1103/PhysRevD.106.055006",
    journal = "Phys. Rev. D",
    volume = "106",
    number = "5",
    pages = "055006",
    year = "2022"
}

@article{Nachman:2020lpy,
    author = "Nachman, Benjamin and Shih, David",
    title = "{Anomaly Detection with Density Estimation}",
    eprint = "2001.04990",
    archivePrefix = "arXiv",
    primaryClass = "hep-ph",
    doi = "10.1103/PhysRevD.101.075042",
    journal = "Phys. Rev. D",
    volume = "101",
    pages = "075042",
    year = "2020"
}

@article{Andreassen:2020nkr,
    author = "Andreassen, Anders and Nachman, Benjamin and Shih, David",
    title = "{Simulation Assisted Likelihood-free Anomaly Detection}",
    eprint = "2001.05001",
    archivePrefix = "arXiv",
    primaryClass = "hep-ph",
    doi = "10.1103/PhysRevD.101.095004",
    journal = "Phys. Rev. D",
    volume = "101",
    number = "9",
    pages = "095004",
    year = "2020"
}

@article{Farina:2018fyg,
    author = "Farina, Marco and Nakai, Yuichiro and Shih, David",
    title = "{Searching for New Physics with Deep Autoencoders}",
    eprint = "1808.08992",
    archivePrefix = "arXiv",
    primaryClass = "hep-ph",
    doi = "10.1103/PhysRevD.101.075021",
    journal = "Phys. Rev. D",
    volume = "101",
    number = "7",
    pages = "075021",
    year = "2020"
}

@article{Hallin:2022eoq,
    author = "Hallin, Anna and Kasieczka, Gregor and Quadfasel, Tobias and Shih, David and Sommerhalder, Manuel",
    title = "{Resonant anomaly detection without background sculpting}",
    eprint = "2210.14924",
    archivePrefix = "arXiv",
    primaryClass = "hep-ph",
    month = "10",
    year = "2022"
}

@article{Kasieczka:2022naq,
    author = "Kasieczka, Gregor and Mastandrea, Radha and Mikuni, Vinicius and Nachman, Benjamin and Pettee, Mariel and Shih, David",
    title = "{Anomaly detection under coordinate transformations}",
    eprint = "2209.06225",
    archivePrefix = "arXiv",
    primaryClass = "hep-ph",
    doi = "10.1103/PhysRevD.107.015009",
    journal = "Phys. Rev. D",
    volume = "107",
    number = "1",
    pages = "015009",
    year = "2023"
}

@article{DAgnolo:2018cun,
    author = "D'Agnolo, Raffaele Tito and Wulzer, Andrea",
    title = "{Learning New Physics from a Machine}",
    eprint = "1806.02350",
    archivePrefix = "arXiv",
    primaryClass = "hep-ph",
    doi = "10.1103/PhysRevD.99.015014",
    journal = "Phys. Rev. D",
    volume = "99",
    number = "1",
    pages = "015014",
    year = "2019"
}

@article{5288526,
  author={Pan, Sinno Jialin and Yang, Qiang},
  journal={IEEE Transactions on Knowledge and Data Engineering}, 
  title={A Survey on Transfer Learning}, 
  year={2010},
  volume={22},
  number={10},
  pages={1345-1359},
  doi={10.1109/TKDE.2009.191}
}

@inproceedings{Pratt1991DirectTO,
  title={Direct Transfer of Learned Information Among Neural Networks},
  author={Lorien Y. Pratt and Jack Mostow and Candace A. Kamm},
  booktitle={AAAI Conference on Artificial Intelligence},
  year={1991}
}

@article{9428530,
author = {T. Hospedales and A. Antoniou and P. Micaelli and A. Storkey},
journal = {IEEE Transactions on Pattern Analysis; Machine Intelligence},
title = {Meta-Learning in Neural Networks: A Survey},
year = {2022},
volume = {44},
number = {09},
issn = {1939-3539},
pages = {5149-5169},
doi = {10.1109/TPAMI.2021.3079209},
publisher = {IEEE Computer Society},
address = {Los Alamitos, CA, USA},
month = {sep}
}

@article{Beauchesne:2018myj,
    author = "Beauchesne, Hugues and Bertuzzo, Enrico and Grilli Di Cortona, Giovanni",
    title = "{Dark matter in Hidden Valley models with stable and unstable light dark mesons}",
    eprint = "1809.10152",
    archivePrefix = "arXiv",
    primaryClass = "hep-ph",
    doi = "10.1007/JHEP04(2019)118",
    journal = "JHEP",
    volume = "04",
    pages = "118",
    year = "2019"
}

@article{Bernreuther:2019pfb,
    author = {Bernreuther, Elias and Kahlhoefer, Felix and Kr\"amer, Michael and Tunney, Patrick},
    title = "{Strongly interacting dark sectors in the early Universe and at the LHC through a simplified portal}",
    eprint = "1907.04346",
    archivePrefix = "arXiv",
    primaryClass = "hep-ph",
    reportNumber = "TTK-19-25, P3H-19-019",
    doi = "10.1007/JHEP01(2020)162",
    journal = "JHEP",
    volume = "01",
    pages = "162",
    year = "2020"
}

@article{Beauchesne:2019ato,
    author = "Beauchesne, Hugues and Grilli di Cortona, Giovanni",
    title = "{Classification of dark pion multiplets as dark matter candidates and collider phenomenology}",
    eprint = "1910.10724",
    archivePrefix = "arXiv",
    primaryClass = "hep-ph",
    doi = "10.1007/JHEP02(2020)196",
    journal = "JHEP",
    volume = "02",
    pages = "196",
    year = "2020"
}

@article{Chacko:2005pe,
    author = "Chacko, Z. and Goh, Hock-Seng and Harnik, Roni",
    title = "{The Twin Higgs: Natural electroweak breaking from mirror symmetry}",
    eprint = "hep-ph/0506256",
    archivePrefix = "arXiv",
    doi = "10.1103/PhysRevLett.96.231802",
    journal = "Phys. Rev. Lett.",
    volume = "96",
    pages = "231802",
    year = "2006"
}

@article{Graham:2015cka,
    author = "Graham, Peter W. and Kaplan, David E. and Rajendran, Surjeet",
    title = "{Cosmological Relaxation of the Electroweak Scale}",
    eprint = "1504.07551",
    archivePrefix = "arXiv",
    primaryClass = "hep-ph",
    doi = "10.1103/PhysRevLett.115.221801",
    journal = "Phys. Rev. Lett.",
    volume = "115",
    number = "22",
    pages = "221801",
    year = "2015"
}

@article{Bierlich:2022pfr,
    author = "Bierlich, Christian and others",
    title = "{A comprehensive guide to the physics and usage of PYTHIA 8.3}",
    eprint = "2203.11601",
    archivePrefix = "arXiv",
    primaryClass = "hep-ph",
    reportNumber = "LU-TP 22-16, MCNET-22-04, FERMILAB-PUB-22-227-SCD",
    doi = "10.21468/SciPostPhysCodeb.8",
    month = "3",
    year = "2022"
}

@article{Carloni:2011kk,
    author = "Carloni, Lisa and Rathsman, Johan and Sjostrand, Torbjorn",
    title = "{Discerning Secluded Sector gauge structures}",
    eprint = "1102.3795",
    archivePrefix = "arXiv",
    primaryClass = "hep-ph",
    reportNumber = "LU-TP-11-09, MCNET-11-06",
    doi = "10.1007/JHEP04(2011)091",
    journal = "JHEP",
    volume = "04",
    pages = "091",
    year = "2011"
}

@article{Carloni:2010tw,
    author = "Carloni, Lisa and Sjostrand, Torbjorn",
    title = "{Visible Effects of Invisible Hidden Valley Radiation}",
    eprint = "1006.2911",
    archivePrefix = "arXiv",
    primaryClass = "hep-ph",
    reportNumber = "LU-TP-10-17, MCNET-10-11",
    doi = "10.1007/JHEP09(2010)105",
    journal = "JHEP",
    volume = "09",
    pages = "105",
    year = "2010"
}

@article{CMS:2018bvr,
    author = "Sirunyan, Albert M and others",
    collaboration = "CMS",
    title = "{Search for new particles decaying to a jet and an emerging jet}",
    eprint = "1810.10069",
    archivePrefix = "arXiv",
    primaryClass = "hep-ex",
    reportNumber = "CMS-EXO-18-001, CERN-EP-2018-255",
    doi = "10.1007/JHEP02(2019)179",
    journal = "JHEP",
    volume = "02",
    pages = "179",
    year = "2019"
}

@article{CMS:2021dzg,
    author = "Tumasyan, Armen and others",
    collaboration = "CMS",
    title = "{Search for resonant production of strongly coupled dark matter in proton-proton collisions at 13 TeV}",
    eprint = "2112.11125",
    archivePrefix = "arXiv",
    primaryClass = "hep-ex",
    reportNumber = "CMS-EXO-19-020, CERN-EP-2021-252",
    doi = "10.1007/JHEP06(2022)156",
    journal = "JHEP",
    volume = "06",
    pages = "156",
    year = "2022"
}

@article{ATLAS:2023swa,
    author = "Aad, Georges and others",
    collaboration = "ATLAS",
    title = "{Search for non-resonant production of semi-visible jets using Run 2 data in ATLAS}",
    eprint = "2305.18037",
    archivePrefix = "arXiv",
    primaryClass = "hep-ex",
    reportNumber = "CERN-EP-2023-084",
    doi = "10.1016/j.physletb.2023.138324",
    journal = "Phys. Lett. B",
    volume = "848",
    pages = "138324",
    year = "2024"
}

@techreport{CMS-PAS-EXO-22-026,
      collaboration = "CMS",
      title         = "{Model-agnostic search for dijet resonances with anomalous jet substructure in proton-proton collisions at $\sqrt{s}$= 13 TeV}",
      institution   = "CERN",
      reportNumber  = "CMS-PAS-EXO-22-026",
      address       = "Geneva",
      year          = "2024",
      url           = "https://cds.cern.ch/record/2892677",
}

@article{Collins:2021nxn,
    author = "Collins, Jack H. and Mart\'\i{}n-Ramiro, Pablo and Nachman, Benjamin and Shih, David",
    title = "{Comparing weak- and unsupervised methods for resonant anomaly detection}",
    eprint = "2104.02092",
    archivePrefix = "arXiv",
    primaryClass = "hep-ph",
    doi = "10.1140/epjc/s10052-021-09389-x",
    journal = "Eur. Phys. J. C",
    volume = "81",
    number = "7",
    pages = "617",
    year = "2021"
}

@article{Bardhan:2023mia,
    author = "Bardhan, Debjyoti and Kats, Yevgeny and Wunch, Noam",
    title = "{Searching for dark jets with displaced vertices using weakly supervised machine learning}",
    eprint = "2305.04372",
    archivePrefix = "arXiv",
    primaryClass = "hep-ph",
    month = "5",
    year = "2023"
}

@article{Sjostrand:2007gs,
    author = "Sjostrand, Torbjorn and Mrenna, Stephen and Skands, Peter Z.",
    title = "{A Brief Introduction to PYTHIA 8.1}",
    eprint = "0710.3820",
    archivePrefix = "arXiv",
    primaryClass = "hep-ph",
    reportNumber = "CERN-LCGAPP-2007-04, LU-TP-07-28, FERMILAB-PUB-07-512-CD-T",
    doi = "10.1016/j.cpc.2008.01.036",
    journal = "Comput. Phys. Commun.",
    volume = "178",
    pages = "852--867",
    year = "2008"
}

@article{Alwall:2014hca,
    author = "Alwall, J. and Frederix, R. and Frixione, S. and Hirschi, V. and Maltoni, F. and Mattelaer, O. and Shao, H. -S. and Stelzer, T. and Torrielli, P. and Zaro, M.",
    title = "{The automated computation of tree-level and next-to-leading order differential cross sections, and their matching to parton shower simulations}",
    eprint = "1405.0301",
    archivePrefix = "arXiv",
    primaryClass = "hep-ph",
    reportNumber = "CERN-PH-TH-2014-064, CP3-14-18, LPN14-066, MCNET-14-09, ZU-TH-14-14",
    doi = "10.1007/JHEP07(2014)079",
    journal = "JHEP",
    volume = "07",
    pages = "079",
    year = "2014"
}

@article{deFavereau:2013fsa,
      author         = "de Favereau, J. and Delaere, C. and Demin, P. and
                        Giammanco, A. and Lemaître, V. and Mertens, A. and
                        Selvaggi, M.",
      title          = "{DELPHES 3, A modular framework for fast simulation of a
                        generic collider experiment}",
      collaboration  = "DELPHES 3",
      journal        = "JHEP",
      volume         = "02",
      year           = "2014",
      pages          = "057",
      doi            = "10.1007/JHEP02(2014)057",
      eprint         = "1307.6346",
      archivePrefix  = "arXiv",
      primaryClass   = "hep-ex",
      SLACcitation   = "%%CITATION = ARXIV:1307.6346;%%"
}

@article{Finke:2023ltw,
    author = {Finke, Thorben and Hein, Marie and Kasieczka, Gregor and Kr\"amer, Michael and M\"uck, Alexander and Prangchaikul, Parada and Quadfasel, Tobias and Shih, David and Sommerhalder, Manuel},
    title = "{Tree-based algorithms for weakly supervised anomaly detection}",
    eprint = "2309.13111",
    archivePrefix = "arXiv",
    primaryClass = "hep-ph",
    reportNumber = "TTK-23-26",
    doi = "10.1103/PhysRevD.109.034033",
    journal = "Phys. Rev. D",
    volume = "109",
    number = "3",
    pages = "034033",
    year = "2024"
}

@article{Freytsis:2023cjr,
    author = "Freytsis, Marat and Perelstein, Maxim and San, Yik Chuen",
    title = "{Anomaly detection in the presence of irrelevant features}",
    eprint = "2310.13057",
    archivePrefix = "arXiv",
    primaryClass = "hep-ph",
    doi = "10.1007/JHEP02(2024)220",
    journal = "JHEP",
    volume = "02",
    pages = "220",
    year = "2024"
}

@article{ATLAS:2023kao,
    author = "Aad, Georges and others",
    collaboration = "ATLAS",
    title = "{Search for Resonant Production of Dark Quarks in the Dijet Final State with the ATLAS Detector}",
    eprint = "2311.03944",
    archivePrefix = "arXiv",
    primaryClass = "hep-ex",
    month = "11",
    year = "2023"
}


@article{CMS:2019gwf,
    author = "Sirunyan, Albert M and others",
    collaboration = "CMS",
    title = "{Search for high mass dijet resonances with a new background prediction method in proton-proton collisions at $\sqrt{s} =$ 13 TeV}",
    eprint = "1911.03947",
    archivePrefix = "arXiv",
    primaryClass = "hep-ex",
    reportNumber = "CMS-EXO-19-012, CERN-EP-2019-222",
    doi = "10.1007/JHEP05(2020)033",
    journal = "JHEP",
    volume = "05",
    pages = "033",
    year = "2020"
}

@article{Ball:2012cx,
    author = "Ball, Richard D. and others",
    title = "{Parton distributions with LHC data}",
    eprint = "1207.1303",
    archivePrefix = "arXiv",
    primaryClass = "hep-ph",
    reportNumber = "EDINBURGH-2012-08, IFUM-FT-997, FR-PHENO-2012-014, RWTH-TTK-12-25, CERN-PH-TH-2012-037, SFB-CPP-12-47",
    doi = "10.1016/j.nuclphysb.2012.10.003",
    journal = "Nucl. Phys. B",
    volume = "867",
    pages = "244--289",
    year = "2013"
}
#########Zong-En#######


@article{deOliveira:2015xxd,
    author = "de Oliveira, Luke and Kagan, Michael and Mackey, Lester and Nachman, Benjamin and Schwartzman, Ariel",
    title = "{Jet-images \textemdash{} deep learning edition}",
    eprint = "1511.05190",
    archivePrefix = "arXiv",
    primaryClass = "hep-ph",
    doi = "10.1007/JHEP07(2016)069",
    journal = "JHEP",
    volume = "07",
    pages = "069",
    year = "2016",
}

@article{Kasieczka2017nv,
    author = "Kasieczka, Gregor and Plehn, Tilman and Russell, Michael and Schell, Torben",
    title = "{Deep-learning Top Taggers or The End of QCD?}",
    eprint = "1701.08784",
    archivePrefix = "arXiv",
    primaryClass = "hep-ph",
    reportNumber = "MCNET-17-07",
    doi = "10.1007/JHEP05(2017)006",
    journal = "JHEP",
    volume = "05",
    pages = "006",
    year = "2017",
}

@article{Kasieczka:2019dbj,
    author = "Butter, Anja and others",
    editor = "Kasieczka, Gregor and Plehn, Tilman",
    title = "{The Machine Learning landscape of top taggers}",
    eprint = "1902.09914",
    archivePrefix = "arXiv",
    primaryClass = "hep-ph",
    doi = "10.21468/SciPostPhys.7.1.014",
    journal = "SciPost Phys.",
    volume = "7",
    pages = "014",
    year = "2019",
}

@article{sun2019meta,
  title={Meta-transfer learning for few-shot learning},
  author={Sun, Qianru and Liu, Yaoyao and Chua, Tat-Seng and Schiele, Bernt},
  booktitle={Proceedings of the IEEE/CVF conference on computer vision and pattern recognition},
  pages={403--412},
  year={2019},
  eprint={1812.02391},
  archivePrefix={arXiv},
  primaryClass={cs.CV}
}

@article{Chiang:2022lsn,
    author = "Chiang, Cheng-Wei and Shih, David and Wei, Shang-Fu",
    title = "{VBF vs. GGF Higgs with Full-Event Deep Learning: Towards a Decay-Agnostic Tagger}",
    eprint = "2209.05518",
    archivePrefix = "arXiv",
    primaryClass = "hep-ph",
    doi = "10.1103/PhysRevD.107.016014",
    journal = "Phys. Rev. D",
    volume = "107",
    number = "1",
    pages = "016014",
    year = "2023"
}

@misc{chollet2015keras,
	title={Keras},
	author={Chollet, Fran\c{c}ois and others},
	year={2015},
	howpublished={\url{https://keras.io}},
}

@article{Abadi:2016kic,
      author         = "Abadi, Martín and others",
      title          = "{TensorFlow: Large-Scale Machine Learning on
                        Heterogeneous Distributed  Systems}",
      year           = "2016",
      eprint         = "1603.04467",
      archivePrefix  = "arXiv",
      primaryClass   = "cs.DC",
      SLACcitation   = "%%CITATION = ARXIV:1603.04467;%%"
}

@misc{ATLAS:2020yaz,
    collaboration = "ATLAS",
    title = "{Formulae for Estimating Significance}",
    reportNumber = "ATL-PHYS-PUB-2020-025",
    year = "2020"
}

@article{Chen:2019uar,
    author = "Chen, Yu-Chen Janice and Chiang, Cheng-Wei and Cottin, Giovanna and Shih, David",
    title = "{Boosted $W$ and $Z$ tagging with jet charge and deep learning}",
    eprint = "1908.08256",
    archivePrefix = "arXiv",
    primaryClass = "hep-ph",
    doi = "10.1103/PhysRevD.101.053001",
    journal = "Phys. Rev. D",
    volume = "101",
    number = "5",
    pages = "053001",
    year = "2020"
}


@article{Sjostrand:2014zea,
	archiveprefix = {arXiv},
	author = {Sj\"ostrand, Torbj\"orn and Ask, Stefan and Christiansen, Jesper R. and Corke, Richard and Desai, Nishita and Ilten, Philip and Mrenna, Stephen and Prestel, Stefan and Rasmussen, Christine O. and Skands, Peter Z.},
	doi = {10.1016/j.cpc.2015.01.024},
	eprint = {1410.3012},
	journal = {Comput. Phys. Commun.},
	pages = {159--177},
	primaryclass = {hep-ph},
	reportnumber = {LU-TP-14-36, MCNET-14-22, CERN-PH-TH-2014-190, FERMILAB-PUB-14-316-CD, DESY-14-178, SLAC-PUB-16122},
	title = {{An introduction to PYTHIA 8.2}},
	volume = {191},
	year = {2015},
	bdsk-url-1 = {https://doi.org/10.1016/j.cpc.2015.01.024}}

@article{Cacciari:2011ma,
	archiveprefix = {arXiv},
	author = {Cacciari, Matteo and Salam, Gavin P. and Soyez, Gregory},
	doi = {10.1140/epjc/s10052-012-1896-2},
	eprint = {1111.6097},
	journal = {Eur. Phys. J. C},
	pages = {1896},
	primaryclass = {hep-ph},
	reportnumber = {CERN-PH-TH-2011-297},
	title = {{FastJet User Manual}},
	volume = {72},
	year = {2012},
	bdsk-url-1 = {https://doi.org/10.1140/epjc/s10052-012-1896-2}}

@article{Cacciari:2008gp,
	archiveprefix = {arXiv},
	author = {Cacciari, Matteo and Salam, Gavin P. and Soyez, Gregory},
	doi = {10.1088/1126-6708/2008/04/063},
	eprint = {0802.1189},
	journal = {JHEP},
	pages = {063},
	primaryclass = {hep-ph},
	reportnumber = {LPTHE-07-03},
	title = {{The anti-$k_t$ jet clustering algorithm}},
	volume = {04},
	year = {2008},
	bdsk-url-1 = {https://doi.org/10.1088/1126-6708/2008/04/063}}


@article{Beauchesne:2023vie,
    author = "Beauchesne, Hugues and Chen, Zong-En and Chiang, Cheng-Wei",
    title = "{Improving the performance of weak supervision searches using transfer and meta-learning}",
    eprint = "2312.06152",
    archivePrefix = "arXiv",
    primaryClass = "hep-ph",
    doi = "10.1007/JHEP02(2024)138",
    journal = "JHEP",
    volume = "02",
    pages = "138",
    year = "2024"
}


@article{Cheng:2024yig,
    author = "Cheng, Chi Lung and Singh, Gurpreet and Nachman, Benjamin",
    title = "{Incorporating Physical Priors into Weakly-Supervised Anomaly Detection}",
    eprint = "2405.08889",
    archivePrefix = "arXiv",
    primaryClass = "hep-ph",
    month = "5",
    year = "2024"
}


@article{Li:2024htp,
    author = "Li, Congqiao and others",
    title = "{Accelerating Resonance Searches via Signature-Oriented Pre-training}",
    eprint = "2405.12972",
    archivePrefix = "arXiv",
    primaryClass = "hep-ph",
    reportNumber = "FERMILAB-PUB-24-0699-V",
    month = "5",
    year = "2024"
}

@article{Neyman:1933wgr,
    author = "Neyman, Jerzy and Pearson, Egon Sharpe",
    title = "{On the Problem of the Most Efficient Tests of Statistical Hypotheses}",
    doi = "10.1098/rsta.1933.0009",
    journal = "Phil. Trans. Roy. Soc. Lond. A",
    volume = "231",
    number = "694-706",
    pages = "289--337",
    year = "1933"
}


## data augmentation ##
# collider physics #
@article{Chen:2020uds,
    author = "Chen, Cheng and Cerri, Olmo and Nguyen, Thong Q. and Vlimant, Jean-Roch and Pierini, Maurizio",
    title = "{Data Augmentation at the LHC through Analysis-specific Fast Simulation with Deep Learning}",
    eprint = "2010.01835",
    archivePrefix = "arXiv",
    primaryClass = "physics.comp-ph",
    month = "10",
    year = "2020"
}

@article{Dolan:2021pml,
    author = "Dolan, Matthew J. and Ore, Ayodele",
    title = "{Metalearning and data augmentation for mass-generalized jet taggers}",
    eprint = "2111.06047",
    archivePrefix = "arXiv",
    primaryClass = "hep-ph",
    doi = "10.1103/PhysRevD.105.094030",
    journal = "Phys. Rev. D",
    volume = "105",
    number = "9",
    pages = "094030",
    year = "2022"
}
@article{Bradshaw:2019ipy,
    author = "Bradshaw, Layne and Mishra, Rashmish K. and Mitridate, Andrea and Ostdiek, Bryan",
    title = "{Mass Agnostic Jet Taggers}",
    eprint = "1908.08959",
    archivePrefix = "arXiv",
    primaryClass = "hep-ph",
    doi = "10.21468/SciPostPhys.8.1.011",
    journal = "SciPost Phys.",
    volume = "8",
    number = "1",
    pages = "011",
    year = "2020"
}
## contrastive learning 

@article{Favaro:2023xdl,
    author = {Favaro, Luigi and Kr\"amer, Michael and Modak, Tanmoy and Plehn, Tilman and R\"uschkamp, Jan},
    title = "{Semi-visible jets, energy-based models, and self-supervision}",
    eprint = "2312.03067",
    archivePrefix = "arXiv",
    primaryClass = "hep-ph",
    month = "12",
    year = "2023"
}

# nucleus physics 
@article{Fujimoto:2021zas,
    author = "Fujimoto, Yuki and Fukushima, Kenji and Murase, Koichi",
    title = "{Extensive Studies of the Neutron Star Equation of State from the Deep Learning Inference with the Observational Data Augmentation}",
    eprint = "2101.08156",
    archivePrefix = "arXiv",
    primaryClass = "nucl-th",
    doi = "10.1007/JHEP03(2021)273",
    journal = "JHEP",
    volume = "03",
    pages = "273",
    year = "2021"
}

## Astro-phy 

@article{Moskowitz:2024deh,
    author = "Moskowitz, Irene and Gawiser, Eric and Crenshaw, John Franklin and Andrews, Brett H. and Malz, Alex I. and Schmidt, Samuel",
    collaboration = "LSST Dark Energy Science",
    title = "{Improving Photometric Redshift Estimates with Training Sample Augmentation}",
    eprint = "2402.15551",
    archivePrefix = "arXiv",
    primaryClass = "astro-ph.IM",
    doi = "10.3847/2041-8213/ad4039",
    journal = "Astrophys. J. Lett.",
    volume = "967",
    number = "1",
    pages = "L6",
    year = "2024"
}

@misc{wang2024comprehensivesurveydataaugmentation,
      title={A Comprehensive Survey on Data Augmentation}, 
      author={Zaitian Wang and Pengfei Wang and Kunpeng Liu and Pengyang Wang and Yanjie Fu and Chang-Tien Lu and Charu C. Aggarwal and Jian Pei and Yuanchun Zhou},
      year={2024},
      eprint={2405.09591},
      archivePrefix={arXiv},
      primaryClass={cs.LG},
      url={https://arxiv.org/abs/2405.09591}, 
}